<?xml version="1.0" encoding="UTF-8"?><record xmlns="http://www.loc.gov/MARC21/slim" xmlns:cinclude="http://apache.org/cocoon/include/1.0" xmlns:zs="http://www.loc.gov/zing/srw/">
  <leader>00471nz  a2200133n  4500</leader>
  <controlfield tag="001">n  88118887 </controlfield>
  <controlfield tag="003">DLC</controlfield>
  <controlfield tag="005">19880722155307.8</controlfield>
  <controlfield tag="008">880711n| acannaab|          |a aaa |||  </controlfield>
  <datafield tag="010" ind1=" " ind2=" ">
    <subfield code="a">n  88118887 </subfield>
  </datafield>
  <datafield tag="040" ind1=" " ind2=" ">
    <subfield code="a">DLC</subfield>
    <subfield code="c">DLC</subfield>
    <subfield code="d">DLC</subfield>
  </datafield>
  <datafield tag="100" ind1="1" ind2="0">
    <subfield code="a">Reibold, Dorothy Marty,</subfield>
    <subfield code="d">1922-</subfield>
  </datafield>
  <datafield tag="400" ind1="1" ind2="0">
    <subfield code="a">Marty, Dorothy Ann,</subfield>
    <subfield code="d">1922-</subfield>
  </datafield>
  <datafield tag="670" ind1=" " ind2=" ">
    <subfield code="a">Her The Ecklin family story, c1988:</subfield>
    <subfield code="b">t.p. (Dorothy Marty Reibold) p. 2 (b. 2/22/22) p. 107, etc. (Dorothy Ann Marty; md. Wayne Reibold; lives Henderson, CO)</subfield>
  </datafield>
</record>